@incollection{meuser2024history,
  title={{The History of Highly Adaptive and Programmable Networks}},
  author={Meuser, Tobias and Kundel, Ralf},
  booktitle={{From Multimedia Communications to the Future Internet: Essays Dedicated to Ralf Steinmetz on the Occasion of His Retirement}},
  pages={61--73},
  year={2024},
  publisher={Springer}
}

@book{nadeau2013sdn,
  author    = {Nadeau, Thomas D. and Gray, Ken},
  title     = {{SDN: Software Defined Networks: An Authoritative Review of Network Programmability Technologies}},
  year      = {2013},
  publisher = {O'Reilly Media, Inc.},
  isbn      = {978-1449342302}
}

@article{levy2003overhaul,
  author  = {Levy, Dawn and McKeown, Nick},
  title   = {{Overhaul May Bring Better, Faster Internet to 100 Million Homes}},
  journal = {Stanford University News},
  year    = {2003},
  url     = {https://news.stanford.edu/news/2003/october8/network-108.html},
  note    = {Accessed: 2025-06-09}
}

@misc{onf,
  author       = {{Open Networking Foundation}},
  title        = {{ONF Overview}},
  howpublished = {\url{https://opennetworking.org/}},
  note         = {Accessed: 2025-06-09},
  year         = {2025}
}

@techreport{etsi2012nfv,
  author       = {{ETSI}},
  title        = {{Network Functions Virtualisation: An Introduction, Benefits, Enablers, Challenges \& Call for Action}},
  institution  = {European Telecommunications Standards Institute (ETSI)},
  year         = {2012},
  type         = {White Paper},
  number       = {Introductory White Paper},
  pages        = {16},
  url          = {https://portal.etsi.org/NFV/NFV_White_Paper.pdf},
  note         = {Accessed: 2025-06-09}
}

@article{vahdat2016purpose,
  title={{A Purpose-Built Global Network: Google's Move to SDN}},
  author={Vahdat, Amin and Clark, David and Rexford, Jennifer},
  journal={Communications of the ACM},
  year={2016}
}

@book{racherla2014implementing,
  title={{Implementing IBM Software Defined Network for Virtual Environments}},
  author={Racherla, Sangam and Cain, David and Irwin, Scott and Ljungstr{\o}m, Per and Patil, Pushkar and Tarenzio, Alessio M and others},
  year={2014},
  publisher={IBM Redbooks}
}

@article{montero2017extending,
  title={{Extending the Cloud to the Network Edge}},
  author={Montero, Rub{\'e}n S and Rojas, Elisa and Carrillo, Alfonso A and Llorente, Ignacio Mart{\'\i}n},
  journal={Computer},
  volume={50},
  number={4},
  pages={91--95},
  year={2017}
}

@article{tomonori2013introduction,
  title={{Introduction to Ryu SDN Framework}},
  author={Tomonori, FUJITA},
  journal={Open Networking Summit},
  pages={1--14},
  year={2013}
}

@inproceedings{baddeley2018evolving,
  title={{Evolving SDN for Low-Power IoT Networks}},
  author={Baddeley, Michael and Nejabati, Reza and Oikonomou, George and Sooriyabandara, Mahesh and Simeonidou, Dimitra},
  booktitle={2018 4th IEEE Conference on Network Softwarization and Workshops (NetSoft)},
  pages={71--79},
  year={2018},
  organization={IEEE}
}

@inproceedings{carrascal2025softwarized,
  title={{Softwarized Data-Driven Architecture for Edge Computing IIoT Environments: A Proof of Concept}},
  author={Carrascal, David and Rojas, Elisa and Lopez-Pajares, Diego and Manso, Nicolas and Alvarez-Horcajo, Joaquin and Martinez-Yelmo, Isaias},
  booktitle={2025 28th Conference on Innovation in Clouds, Internet and Networks (ICIN)},
  pages={64--68},
  year={2025},
  organization={IEEE}
}

@article{hussain2019optimal,
  title={{Optimal Energy Routing in Microgrids with IEC 61850 Based Energy Routers}},
  author={Hussain, SM Suhail and Aftab, Mohd Asim and Nadeem, Furquan and Ali, Ikbal and Ustun, Taha Selim},
  journal={IEEE Transactions on Industrial Electronics},
  volume={67},
  number={6},
  pages={5161--5169},
  year={2019},
  publisher={IEEE}
}

@misc{euREDII,
  title        = {{Directive (EU) 2018/2001 of the European Parliament and of the Council of 11 December 2018 on the Promotion of the Use of Energy from Renewable Sources}},
  author       = {{European Union}},
  year         = {2018},
  howpublished = {\url{https://eur-lex.europa.eu/legal-content/EN/TXT/?uri=CELEX:32018L2001}},
  note         = {Accessed: 2025-06-10}
}

@misc{rd2442019,
  title        = {{Real Decreto 244/2019, de 5 de abril, por el que se regulan las condiciones administrativas, técnicas y económicas del autoconsumo de energía eléctrica}},
  author       = {{Gobierno de España}},
  year         = {2019},
  howpublished = {\url{https://www.boe.es/eli/es/rd/2019/04/05/244}},
  note         = {BOE-A-2019-5089, Accessed: 2025-06-10}
}

@inproceedings{mackiewicz2006overview,
  title={{Overview of IEC 61850 and Benefits}},
  author={Mackiewicz, Ralph E},
  booktitle={2006 IEEE Power Engineering Society General Meeting},
  pages={8--pp},
  year={2006},
  organization={IEEE}
}

@article{MOLINA2015142,
  title={{Using Software Defined Networking to Manage and Control IEC 61850-Based Systems}},
  journal={Computers \& Electrical Engineering},
  volume={43},
  pages={142--154},
  year={2015},
  issn={0045-7906},
  doi={https://doi.org/10.1016/j.compeleceng.2014.10.016},
  url={https://www.sciencedirect.com/science/article/pii/S0045790614002626},
  author={Molina, Elias and Jacob, Eduardo and Matias, Jon and Moreira, Naiara and Astarloa, Armando},
  keywords={IEC 61850, Monitoring, OpenFlow, sFlow, Smart Grid, Software Defined Networking}
}

@inproceedings{maziku2017software,
  title={{Software Defined Networking Enabled Resilience for IEC 61850-Based Substation Communication Systems}},
  author={Maziku, Hellen and Shetty, Sachin},
  booktitle={2017 International Conference on Computing, Networking and Communications (ICNC)},
  pages={690--694},
  year={2017},
  organization={IEEE}
}

@article{hu2015selection,
  title={{Selection of Logistics Distribution Center Location for SDN Enterprises}},
  author={Hu, Wei and Hou, Ye and Tian, Longwei and Li, Yuan},
  journal={Journal of Management Analytics},
  volume={2},
  number={3},
  pages={202--215},
  year={2015},
  publisher={Taylor \& Francis}
}

@article{carrascal2023comprehensive,
  title={{A Comprehensive Survey of In-Band Control in SDN: Challenges and Opportunities}},
  author={Carrascal, David and Rojas, Elisa and Arco, Jose M and Lopez-Pajares, Diego and Alvarez-Horcajo, Joaquin and Carral, Juan Antonio},
  journal={Electronics},
  volume={12},
  number={6},
  pages={1265},
  year={2023},
  publisher={MDPI}
}

@article{mckeown2008openflow,
  title={{OpenFlow: Enabling Innovation in Campus Networks}},
  author={McKeown, Nick and Anderson, Tom and Balakrishnan, Hari and Parulkar, Guru and Peterson, Larry and Rexford, Jennifer and Shenker, Scott and Turner, Jonathan},
  journal={ACM SIGCOMM Computer Communication Review},
  volume={38},
  number={2},
  pages={69--74},
  year={2008},
  publisher={ACM New York, NY, USA}
}

@article{bosshart2014p4,
  title={{P4: Programming Protocol-Independent Packet Processors}},
  author={Bosshart, Pat and Daly, Dan and Gibb, Glen and Izzard, Martin and McKeown, Nick and Rexford, Jennifer and Schlesinger, Cole and Talayco, Dan and Vahdat, Amin and Varghese, George and others},
  journal={ACM SIGCOMM Computer Communication Review},
  volume={44},
  number={3},
  pages={87--95},
  year={2014},
  publisher={ACM New York, NY, USA}
}

@article{hauser2023survey,
  title={{A Survey on Data Plane Programming with P4: Fundamentals, Advances, and Applied Research}},
  author={Hauser, Frederik and H{\"a}berle, Marco and Merling, Daniel and Lindner, Steffen and Gurevich, Vladimir and Zeiger, Florian and Frank, Reinhard and Menth, Michael},
  journal={Journal of Network and Computer Applications},
  volume={212},
  pages={103561},
  year={2023},
  publisher={Elsevier}
}

@misc{p4runtime2023,
  author       = {{P4 Language Consortium}},
  title        = {{P4Runtime Specification}},
  howpublished = {\url{https://p4.org/p4-spec/p4runtime/main/P4Runtime-Spec.html}},
  year         = {2023},
  note         = {Accessed: 2025-06-16}
}

@article{carrascal2020analysis,
  title={{Analysis of P4 and XDP for IoT Programmability in 6G and Beyond}},
  author={Carrascal, David and Rojas, Elisa and Alvarez-Horcajo, Joaquin and Lopez-Pajares, Diego and Mart{\'\i}nez-Yelmo, Isa{\'\i}as},
  journal={IoT},
  volume={1},
  number={2},
  pages={605--622},
  year={2020},
  publisher={MDPI}
}

@inproceedings{teraflowsdn2021,
  author={Vilalta, Ricard and Muñoz, Raul and Casellas, Ramon and Martínez, Ricardo and López, Victor and de Dios, Oscar González and Pastor, Antonio and Katsikas, Georgios P. and Klaedtke, Felix and Monti, Paolo and Mozo, Alberto and Zinner, Thomas and Øverby, Harald and Gonzalez-Diaz, Sergio and Lønsethagen, Håkon and Pulido, José-Miguel and King, Daniel},
  booktitle={2021 Joint European Conference on Networks and Communications \& 6G Summit (EuCNC/6G Summit)},
  title={{TeraFlow: Secured Autonomic Traffic Management for a Tera of SDN Flows}},
  year={2021},
  pages={377--382},
  doi={10.1109/EuCNC/6GSummit51104.2021.9482469},
  keywords={Cloud computing; Technological innovation; Computer architecture; Machine learning; Optical fiber networks; Network function virtualization; Telecommunications}
}
